<record><leader>00000cas a22000007a 4500</leader><controlfield tag="001">19365309</controlfield><controlfield tag="008">890315d19581966nyuwr ne      0    0eng d</controlfield><datafield ind1=" " ind2=" " tag="010"><subfield code="a">sn 89071124 </subfield></datafield><datafield ind1=" " ind2=" " tag="040"><subfield code="a">NYG</subfield><subfield code="b">eng</subfield><subfield code="c">NYG</subfield><subfield code="d">NYS</subfield><subfield code="d">OCLCQ</subfield></datafield><datafield ind1=" " ind2=" " tag="042"><subfield code="a">msc</subfield></datafield><datafield ind1="0" ind2=" " tag="130"><subfield code="a">Dispatch (Belmont, N.Y.)</subfield></datafield><datafield ind1="1" ind2="4" tag="245"><subfield code="a">The dispatch.</subfield></datafield><datafield ind1="1" ind2="3" tag="246"><subfield code="a">Angelica advocate</subfield></datafield><datafield ind1="1" ind2="3" tag="246"><subfield code="a">Belmont dispatch</subfield></datafield><datafield ind1="1" ind2="3" tag="246"><subfield code="a">Friendship register</subfield></datafield><datafield ind1=" " ind2=" " tag="260"><subfield code="a">Belmont, N.Y. :</subfield><subfield code="b">Clifford G. and Rosemary S. Grastorf,</subfield><subfield code="c">1958-1966.</subfield></datafield><datafield ind1=" " ind2=" " tag="300"><subfield code="a">v.</subfield></datafield><datafield ind1=" " ind2=" " tag="310"><subfield code="a">Weekly</subfield></datafield><datafield ind1="0" ind2=" " tag="362"><subfield code="a">Vol. 1, no. 1 (July 3, 1958)-v. 10, no. 25 (Dec. 22, 1966).</subfield></datafield><datafield ind1=" " ind2=" " tag="500"><subfield code="a">Masthead contains: Angelica advocate, and: Belmont dispatch, and: Friendship register, superimposed with dates, on the title.</subfield></datafield><datafield ind1=" " ind2="4" tag="651"><subfield code="a">Belmont (N.Y.)</subfield><subfield code="v">Newspapers.</subfield></datafield><datafield ind1=" " ind2=" " tag="752"><subfield code="a">United States</subfield><subfield code="b">New York</subfield><subfield code="c">Allegany</subfield><subfield code="d">Belmont.</subfield></datafield><datafield ind1="0" ind2="4" tag="780"><subfield code="t">Belmont dispatch</subfield><subfield code="w">(DLC)sn 84031237</subfield></datafield><datafield ind1="0" ind2="4" tag="780"><subfield code="t">Friendship register (Friendship, N.Y. : 1904)</subfield><subfield code="w">(DLC)sn 84031255</subfield></datafield></record>